<record><leader>00000cas a22000007a 4500</leader><controlfield tag="001">1764846</controlfield><controlfield tag="008">751101d18851984mnudr ne      0   a0eng d</controlfield><datafield ind1=" " ind2=" " tag="010"><subfield code="a">sn 83016851 </subfield></datafield><datafield ind1=" " ind2=" " tag="040"><subfield code="a">MUL</subfield><subfield code="b">eng</subfield><subfield code="c">MUL</subfield><subfield code="d">DLC</subfield><subfield code="d">NSD</subfield><subfield code="d">NPV</subfield><subfield code="d">NSD</subfield><subfield code="d">NPT</subfield><subfield code="d">NSD</subfield><subfield code="d">MN#</subfield><subfield code="d">CNK</subfield><subfield code="d">OCL</subfield><subfield code="d">OCLCQ</subfield><subfield code="d">OCLCF</subfield><subfield code="d">OCLCO</subfield></datafield><datafield ind1=" " ind2=" " tag="012"><subfield code="j">0</subfield><subfield code="m">d</subfield></datafield><datafield ind1="1" ind2=" " tag="022"><subfield code="a">0746-7028</subfield><subfield code="l">0746-7028</subfield><subfield code="2">1</subfield></datafield><datafield ind1="1" ind2=" " tag="029"><subfield code="a">AU@</subfield><subfield code="b">000025784831</subfield></datafield><datafield ind1=" " ind2=" " tag="042"><subfield code="a">msc</subfield><subfield code="a">nsdp</subfield></datafield><datafield ind1=" " ind2=" " tag="043"><subfield code="a">n-us-mn</subfield></datafield><datafield ind1="0" ind2="0" tag="050"><subfield code="a">Newspaper 7002</subfield></datafield><datafield ind1=" " ind2=" " tag="052"><subfield code="a">4144</subfield><subfield code="b">S4</subfield></datafield><datafield ind1=" " ind2="0" tag="222"><subfield code="a">St. Paul dispatch</subfield></datafield><datafield ind1="0" ind2="0" tag="245"><subfield code="a">Saint Paul dispatch.</subfield></datafield><datafield ind1="3" ind2="0" tag="246"><subfield code="a">St. Paul dispatch</subfield></datafield><datafield ind1=" " ind2=" " tag="260"><subfield code="a">Saint Paul, Minn. :</subfield><subfield code="b">[s.n.],</subfield><subfield code="c">1885-1984.</subfield></datafield><datafield ind1=" " ind2=" " tag="300"><subfield code="a">101 v.</subfield></datafield><datafield ind1=" " ind2=" " tag="310"><subfield code="a">Daily (except Sat., Sun.&gt;,</subfield><subfield code="b">Sept. 5, 1977-Dec. 28, 1984</subfield></datafield><datafield ind1=" " ind2=" " tag="321"><subfield code="a">Daily (except Sun.),</subfield><subfield code="b">Feb. 2, 1885-Sept. 3, 1977</subfield></datafield><datafield ind1="0" ind2=" " tag="362"><subfield code="a">Vol. 17, no. 286 (Feb. 2, 1885)-v. 66, no. 310 (Sept. 12, 1934) ; 66th year, no. 311 (Sept. 13, 1934)-117th year, no. 212 (Dec. 28, 1984).</subfield></datafield><datafield ind1=" " ind2=" " tag="500"><subfield code="a">Title varies slightly.</subfield></datafield><datafield ind1=" " ind2=" " tag="515"><subfield code="a">Suspended with Dec. 17, 1957, issue due to strike; resumed with Feb. 4, 1958, issue.</subfield></datafield><datafield ind1=" " ind2=" " tag="530"><subfield code="a">Available on microfilm from the Minnesota Historical Society.</subfield></datafield><datafield ind1=" " ind2=" " tag="580"><subfield code="a">Weekly eds. : St. Paul weekly dispatch, Feb. 2, 1885-Oct. 1, 1903, and: Farmer's weekly dispatch and St. Paul weekly dispatch, Oct. 8, 1903-Aug. 31, 1905, and: Farmers' weekly dispatch, Sept. 7, 1905-Jan. 30, 1913, and Farmers' dispatch, Nov. 14, 1913-Aug. 26, 1926.</subfield></datafield><datafield ind1=" " ind2=" " tag="580"><subfield code="a">Semiweekly ed.: Farmers' twice a week dispatch, Feb. 4, 1913-Nov. 11, 1913.</subfield></datafield><datafield ind1=" " ind2=" " tag="580"><subfield code="a">Merged with: St. Paul pioneer press (Saint Paul, Minn. : 1909), to form: St. Paul pioneer press dispatch (Saint Paul, Minn. : A.M. ed.), and: St. Paul pioneer press dispatch (Saint Paul, Minn. : P.M. ed.).</subfield></datafield><datafield ind1=" " ind2="0" tag="651"><subfield code="a">Saint Paul (Minn.)</subfield><subfield code="v">Newspapers.</subfield></datafield><datafield ind1=" " ind2="7" tag="655"><subfield code="a">Newspapers.</subfield><subfield code="2">fast</subfield><subfield code="0">(OCoLC)fst01423814</subfield></datafield><datafield ind1=" " ind2="7" tag="651"><subfield code="a">Minnesota</subfield><subfield code="z">Saint Paul.</subfield><subfield code="2">fast</subfield><subfield code="0">(OCoLC)fst01212130</subfield></datafield><datafield ind1=" " ind2=" " tag="752"><subfield code="a">United States</subfield><subfield code="b">Minnesota</subfield><subfield code="c">Ramsey</subfield><subfield code="d">Saint Paul.</subfield></datafield><datafield ind1="1" ind2=" " tag="775"><subfield code="t">St. Paul weekly dispatch</subfield><subfield code="w">(DLC)sn 83016813</subfield></datafield><datafield ind1="1" ind2=" " tag="775"><subfield code="t">Farmer's weekly dispatch and St. Paul weekly dispatch</subfield><subfield code="w">(DLC)sn 90059530</subfield></datafield><datafield ind1="1" ind2=" " tag="775"><subfield code="t">Farmers' weekly dispatch</subfield><subfield code="w">(DLC)sn 90059533</subfield></datafield><datafield ind1="1" ind2=" " tag="775"><subfield code="t">Farmers' dispatch</subfield><subfield code="w">(DLC)sn 90059534</subfield></datafield><datafield ind1="1" ind2=" " tag="775"><subfield code="t">Farmers' twice a week dispatch</subfield><subfield code="w">(DLC)sn 90059532</subfield></datafield><datafield ind1="0" ind2="0" tag="780"><subfield code="t">St. Paul daily dispatch</subfield><subfield code="w">(DLC)sn 83016838</subfield></datafield><datafield ind1="1" ind2="7" tag="785"><subfield code="t">St. Paul pioneer press (Saint Paul, Minn. : 1909)</subfield><subfield code="x">0746-701X</subfield><subfield code="w">(DLC)sn 83016801</subfield></datafield><datafield ind1="1" ind2="7" tag="785"><subfield code="t">St. Paul pioneer press dispatch (Saint Paul, Minn. : A.M. ed.)</subfield><subfield code="x">0892-1083</subfield><subfield code="w">(DLC)sn 87000148</subfield></datafield><datafield ind1="1" ind2="7" tag="785"><subfield code="t">St. Paul pioneer press dispatch (Saint Paul, Minn. : P.M. ed.)</subfield><subfield code="w">(DLC)sn 90059536</subfield></datafield><datafield ind1=" " ind2=" " tag="936"><subfield code="a">Unknown</subfield><subfield code="a">Nov. 9, 1983</subfield></datafield></record>